
@MISC{web:kpgdvws14,
	title = {Komplexpraktikum Graphische Datenverarbeitung WS 14/15},
	url = {http://tu-dresden.de/die_tu_dresden/fakultaeten/fakultaet_informatik/smt/cgv/lehre/ws1415/kpws1415/index_html},
	urldate = {2015-01-21},
}

